@ARTICLE{2016A&A...595A...1G,
   author = {{Gaia Collaboration} and {Prusti}, T. and {de Bruijne}, J.~H.~J. and 
	{Brown}, A.~G.~A. and {Vallenari}, A. and {Babusiaux}, C. and 
	{Bailer-Jones}, C.~A.~L. and {Bastian}, U. and {Biermann}, M. and 
	{Evans}, D.~W. and {and 616 co-authors}},
    title = "{The Gaia mission}",
  journal = {\aap},
archivePrefix = "arXiv",
   eprint = {1609.04153},
 primaryClass = "astro-ph.IM",
 keywords = {space vehicles: instruments, Galaxy: structure, astrometry, parallaxes, proper motions, telescopes},
     year = 2016,
    month = nov,
   volume = 595,
      eid = {A1},
    pages = {A1},
      doi = {10.1051/0004-6361/201629272},
   adsurl = {http://adsabs.harvard.edu/abs/2016A%26A...595A...1G},
  adsnote = {Provided by the SAO/NASA Astrophysics Data System}
}

@ARTICLE{Antoja2018a,
       author = {{Antoja}, T. and {Helmi}, A. and {Romero-G{\'o}mez}, M. and {Katz}, D. and
         {Babusiaux}, C. and {Drimmel}, R. and {Evans}, D.~W. and
         {Figueras}, F. and {Poggio}, E. and {Reyl{\'e}}, C. and {Robin}, A.~C. and
         {Seabroke}, G. and {Soubiran}, C.},
        title = "{A dynamically young and perturbed Milky Way disk}",
      journal = {\nat},
     keywords = {Astrophysics - Astrophysics of Galaxies},
         year = "2018",
        month = "Sep",
       volume = {561},
       number = {7723},
        pages = {360-362},
          doi = {10.1038/s41586-018-0510-7},
archivePrefix = {arXiv},
       eprint = {1804.10196},
 primaryClass = {astro-ph.GA},
       adsurl = {https://ui.adsabs.harvard.edu/abs/2018Natur.561..360A},
      adsnote = {Provided by the SAO/NASA Astrophysics Data System}
}

@ARTICLE{2018Natur.563...85H,
       author = {{Helmi}, Amina and {Babusiaux}, Carine and {Koppelman}, Helmer H. and
         {Massari}, Davide and {Veljanoski}, Jovan and {Brown}, Anthony G.~A.},
        title = "{The merger that led to the formation of the Milky Way's inner stellar halo and thick disk}",
      journal = {\nat},
     keywords = {Astrophysics - Astrophysics of Galaxies},
         year = "2018",
        month = "Oct",
       volume = {563},
       number = {7729},
        pages = {85-88},
          doi = {10.1038/s41586-018-0625-x},
archivePrefix = {arXiv},
       eprint = {1806.06038},
 primaryClass = {astro-ph.GA},
       adsurl = {https://ui.adsabs.harvard.edu/abs/2018Natur.563...85H},
      adsnote = {Provided by the SAO/NASA Astrophysics Data System}
}

@ARTICLE{2019Natur.565..202T,
       author = {{Tremblay}, Pier-Emmanuel and {Fontaine}, Gilles and
         {Fusillo}, Nicola Pietro Gentile and {Dunlap}, Bart H. and
         {G{\"a}nsicke}, Boris T. and {Hollands}, Mark A. and {Hermes}, J.~J. and
         {Marsh}, Thomas R. and {Cukanovaite}, Elena and {Cunningham}, Tim},
        title = "{Core crystallization and pile-up in the cooling sequence of evolving white dwarfs}",
      journal = {\nat},
     keywords = {Astrophysics - Solar and Stellar Astrophysics},
         year = "2019",
        month = "Jan",
       volume = {565},
       number = {7738},
        pages = {202-205},
          doi = {10.1038/s41586-018-0791-x},
archivePrefix = {arXiv},
       eprint = {1908.00370},
 primaryClass = {astro-ph.SR},
       adsurl = {https://ui.adsabs.harvard.edu/abs/2019Natur.565..202T},
      adsnote = {Provided by the SAO/NASA Astrophysics Data System}
}

@ARTICLE{2018MNRAS.478..611B,
       author = {{Belokurov}, V. and {Erkal}, D. and {Evans}, N.~W. and {Koposov}, S.~E. and
         {Deason}, A.~J.},
        title = "{Co-formation of the disc and the stellar halo}",
      journal = {\mnras},
     keywords = {galaxies: dwarf, Local Group, galaxies: structure, Astrophysics - Astrophysics of Galaxies},
         year = "2018",
        month = "Jul",
       volume = {478},
       number = {1},
        pages = {611-619},
          doi = {10.1093/mnras/sty982},
archivePrefix = {arXiv},
       eprint = {1802.03414},
 primaryClass = {astro-ph.GA},
       adsurl = {https://ui.adsabs.harvard.edu/abs/2018MNRAS.478..611B},
      adsnote = {Provided by the SAO/NASA Astrophysics Data System}
}

@ARTICLE{2019arXiv190904679B,
       author = {{Belokurov}, Vasily and {Sanders}, Jason L. and {Fattahi}, Azadeh and
         {Smith}, Martin C. and {Deason}, Alis J. and {Evans}, N. Wyn and {Grand
        }, Robert J.~J.},
        title = "{The Biggest Splash}",
      journal = {arXiv e-prints},
     keywords = {Astrophysics - Astrophysics of Galaxies},
         year = "2019",
        month = "Sep",
          eid = {arXiv:1909.04679},
        pages = {arXiv:1909.04679},
archivePrefix = {arXiv},
       eprint = {1909.04679},
 primaryClass = {astro-ph.GA},
       adsurl = {https://ui.adsabs.harvard.edu/abs/2019arXiv190904679B},
      adsnote = {Provided by the SAO/NASA Astrophysics Data System}
}

@ARTICLE{2018A&A...616A...9L,
       author = {{Luri}, X. and {Brown}, A.~G.~A. and {Sarro}, L.~M. and {Arenou}, F. and
         {Bailer-Jones}, C.~A.~L. and {Castro-Ginard}, A. and {de Bruijne}, J. and
         {Prusti}, T. and {Babusiaux}, C. and {Delgado}, H.~E.},
        title = "{Gaia Data Release 2. Using Gaia parallaxes}",
      journal = {\aap},
     keywords = {astrometry, parallaxes, methods: data analysis, methods: statistical, catalogs, Astrophysics - Instrumentation and Methods for Astrophysics},
         year = "2018",
        month = "Aug",
       volume = {616},
          eid = {A9},
        pages = {A9},
          doi = {10.1051/0004-6361/201832964},
archivePrefix = {arXiv},
       eprint = {1804.09376},
 primaryClass = {astro-ph.IM},
       adsurl = {https://ui.adsabs.harvard.edu/abs/2018A&A...616A...9L},
      adsnote = {Provided by the SAO/NASA Astrophysics Data System}
}

@ARTICLE{2002ARA&A..40..487F,
       author = {{Freeman}, Ken and {Bland-Hawthorn}, Joss},
        title = "{The New Galaxy: Signatures of Its Formation}",
      journal = {\araa},
     keywords = {osmology, local group, stellar populations, stellar kinematics, Astrophysics},
         year = "2002",
        month = "Jan",
       volume = {40},
        pages = {487-537},
          doi = {10.1146/annurev.astro.40.060401.093840},
archivePrefix = {arXiv},
       eprint = {astro-ph/0208106},
 primaryClass = {astro-ph},
       adsurl = {https://ui.adsabs.harvard.edu/abs/2002ARA&A..40..487F},
      adsnote = {Provided by the SAO/NASA Astrophysics Data System}
}

@ARTICLE{2019A&A...628A..94A,
       author = {{Anders}, F. and {Khalatyan}, A. and {Chiappini}, C. and
         {Queiroz}, A.~B. and {Santiago}, B.~X. and {Jordi}, C. and
         {Girardi}, L. and {Brown}, A.~G.~A. and {Matijevi{\v{c}}}, G. and
         {Monari}, G. and {Cantat-Gaudin}, T. and {Weiler}, M. and {Khan}, S. and
         {Miglio}, A. and {Carrillo}, I. and {Romero-G{\'o}mez}, M. and
         {Minchev}, I. and {de Jong}, R.~S. and {Antoja}, T. and {Ramos}, P. and
         {Steinmetz}, M. and {Enke}, H.},
        title = "{Photo-astrometric distances, extinctions, and astrophysical parameters for Gaia DR2 stars brighter than G = 18}",
      journal = {\aap},
     keywords = {stars: fundamental parameters, stars: distances, stars: statistics, dust, extinction, Galaxy: stellar content, Galaxy: structure, Astrophysics - Astrophysics of Galaxies, Astrophysics - Solar and Stellar Astrophysics, 85A15},
         year = "2019",
        month = "Aug",
       volume = {628},
          eid = {A94},
        pages = {A94},
          doi = {10.1051/0004-6361/201935765},
archivePrefix = {arXiv},
       eprint = {1904.11302},
 primaryClass = {astro-ph.GA},
       adsurl = {https://ui.adsabs.harvard.edu/abs/2019A&A...628A..94A},
      adsnote = {Provided by the SAO/NASA Astrophysics Data System}
}

@ARTICLE{2018ApJ...863L..20P,
       author = {{Price-Whelan}, Adrian M. and {Bonaca}, Ana},
        title = "{Off the Beaten Path: Gaia Reveals GD-1 Stars outside of the Main Stream}",
      journal = {\apjl},
     keywords = {dark matter, Galaxy: halo, Galaxy: kinematics and dynamics, Astrophysics - Astrophysics of Galaxies},
         year = 2018,
        month = aug,
       volume = {863},
       number = {2},
          eid = {L20},
        pages = {L20},
          doi = {10.3847/2041-8213/aad7b5},
archivePrefix = {arXiv},
       eprint = {1805.00425},
 primaryClass = {astro-ph.GA},
       adsurl = {https://ui.adsabs.harvard.edu/abs/2018ApJ...863L..20P},
      adsnote = {Provided by the SAO/NASA Astrophysics Data System}
}

@ARTICLE{2019ApJ...880...38B,
       author = {{Bonaca}, Ana and {Hogg}, David W. and {Price-Whelan}, Adrian M. and
         {Conroy}, Charlie},
        title = "{The Spur and the Gap in GD-1: Dynamical Evidence for a Dark Substructure in the Milky Way Halo}",
      journal = {\apj},
     keywords = {cosmology: observations, dark matter, Galaxy: halo, Galaxy: kinematics and dynamics, gravitation, stars: kinematics and dynamics, Astrophysics - Astrophysics of Galaxies, Astrophysics - Cosmology and Nongalactic Astrophysics, High Energy Physics - Phenomenology},
         year = 2019,
        month = jul,
       volume = {880},
       number = {1},
          eid = {38},
        pages = {38},
          doi = {10.3847/1538-4357/ab2873},
archivePrefix = {arXiv},
       eprint = {1811.03631},
 primaryClass = {astro-ph.GA},
       adsurl = {https://ui.adsabs.harvard.edu/abs/2019ApJ...880...38B},
      adsnote = {Provided by the SAO/NASA Astrophysics Data System}
}

@ARTICLE{Katz2018a,
       author = {{Gaia Collaboration} and {Katz}, D. and {Antoja}, T. and
         {Romero-G{\'o}mez}, M. and {Drimmel}, R. and {Reyl{\'e}}, C. and
         {Seabroke}, G.~M. and {Soubiran}, C. and {Babusiaux}, C. and
         {Di Matteo}, P. and {Figueras}, F. and {Poggio}, E. and {Robin}, A.~C. and
         {Evans}, D.~W. and {Brown}, A.~G.~A. and {Vallenari}, A. and
         {Prusti}, T. and {de Bruijne}, J.~H.~J. and {Bailer-Jones}, C.~A.~L. and
         {Biermann}, M. and {Eyer}, L. and {Jansen}, F. and {Jordi}, C. and
         {Klioner}, S.~A. and {Lammers}, U. and {Lindegren}, L. and {Luri}, X. and
         {Mignard}, F. and {Panem}, C. and {Pourbaix}, D. and {Randich}, S. and
         {Sartoretti}, P. and {Siddiqui}, H.~I. and {van Leeuwen}, F. and
         {Walton}, N.~A. and {Arenou}, F. and {Bastian}, U. and {Cropper}, M. and
         {Lattanzi}, M.~G. and {Bakker}, J. and {Cacciari}, C. and
         {Casta n}, J. and {Chaoul}, L. and {Cheek}, N. and {De Angeli}, F. and
         {Fabricius}, C. and {Guerra}, R. and {Holl}, B. and {Masana}, E. and
         {Messineo}, R. and {Mowlavi}, N. and {Nienartowicz}, K. and
         {Panuzzo}, P. and {Portell}, J. and {Riello}, M. and {Tanga}, P. and
         {Th{\'e}venin}, F. and {Gracia-Abril}, G. and {Comoretto}, G. and
         {Garcia-Reinaldos}, M. and {Teyssier}, D. and {Altmann}, M. and
         {Andrae}, R. and {Audard}, M. and {Bellas-Velidis}, I. and
         {Benson}, K. and {Berthier}, J. and {Blomme}, R. and {Burgess}, P. and
         {Busso}, G. and {Carry}, B. and {Cellino}, A. and {Clementini}, G. and
         {Clotet}, M. and {Creevey}, O. and {Davidson}, M. and {De Ridder}, J. and
         {Delchambre}, L. and {Dell'Oro}, A. and {Ducourant}, C. and
         {Fern{\'a}ndez-Hern{\'a}ndez}, J. and {Fouesneau}, M. and
         {Fr{\'e}mat}, Y. and {Galluccio}, L. and {Garc{\'\i}a-Torres}, M. and
         {Gonz{\'a}lez-N{\'u}{\~n}ez}, J. and {Gonz{\'a}lez-Vidal}, J.~J. and
         {Gosset}, E. and {Guy}, L.~P. and {Halbwachs}, J. -L. and
         {Hambly}, N.~C. and {Harrison}, D.~L. and {Hern{\'a}ndez}, J. and
         {Hestroffer}, D. and {Hodgkin}, S.~T. and {Hutton}, A. and
         {Jasniewicz}, G. and {Jean-Antoine-Piccolo}, A. and {Jordan}, S. and
         {Korn}, A.~J. and {Krone-Martins}, A. and {Lanzafame}, A.~C. and
         {Lebzelter}, T. and {L{\"o}ffler}, W. and {Manteiga}, M. and
         {Marrese}, P.~M. and {Mart{\'\i}n-Fleitas}, J.~M. and {Moitinho}, A. and
         {Mora}, A. and {Muinonen}, K. and {Osinde}, J. and {Pancino}, E. and
         {Pauwels}, T. and {Petit}, J. -M. and {Recio-Blanco}, A. and
         {Richards}, P.~J. and {Rimoldini}, L. and {Sarro}, L.~M. and
         {Siopis}, C. and {Smith}, M. and {Sozzetti}, A. and {S{\"u}veges}, M. and
         {Torra}, J. and {van Reeven}, W. and {Abbas}, U. and
         {Abreu Aramburu}, A. and {Accart}, S. and {Aerts}, C. and
         {Altavilla}, G. and {{\'A}lvarez}, M.~A. and {Alvarez}, R. and
         {Alves}, J. and {Anderson}, R.~I. and {Andrei}, A.~H. and
         {Anglada Varela}, E. and {Antiche}, E. and {Arcay}, B. and
         {Astraatmadja}, T.~L. and {Bach}, N. and {Baker}, S.~G. and
         {Balaguer-N{\'u}{\~n}ez}, L. and {Balm}, P. and {Barache}, C. and
         {Barata}, C. and {Barbato}, D. and {Barblan}, F. and {Barklem}, P.~S. and
         {Barrado}, D. and {Barros}, M. and {Barstow}, M.~A. and
         {Bartholom{\'e} Mu{\~n}oz}, L. and {Bassilana}, J. -L. and
         {Becciani}, U. and {Bellazzini}, M. and {Berihuete}, A. and
         {Bertone}, S. and {Bianchi}, L. and {Bienaym{\'e}}, O. and
         {Blanco-Cuaresma}, S. and {Boch}, T. and {Boeche}, C. and
         {Bombrun}, A. and {Borrachero}, R. and {Bossini}, D. and
         {Bouquillon}, S. and {Bourda}, G. and {Bragaglia}, A. and
         {Bramante}, L. and {Breddels}, M.~A. and {Bressan}, A. and
         {Brouillet}, N. and {Br{\"u}semeister}, T. and {Brugaletta}, E. and
         {Bucciarelli}, B. and {Burlacu}, A. and {Busonero}, D. and
         {Butkevich}, A.~G. and {Buzzi}, R. and {Caffau}, E. and
         {Cancelliere}, R. and {Cannizzaro}, G. and {Cantat-Gaudin}, T. and
         {Carballo}, R. and {Carlucci}, T. and {Carrasco}, J.~M. and
         {Casamiquela}, L. and {Castellani}, M. and {Castro-Ginard}, A. and
         {Charlot}, P. and {Chemin}, L. and {Chiavassa}, A. and {Cocozza}, G. and
         {Costigan}, G. and {Cowell}, S. and {Crifo}, F. and {Crosta}, M. and
         {Crowley}, C. and {Cuypers}, J. and {Dafonte}, C. and {Damerdji}, Y. and
         {Dapergolas}, A. and {David}, P. and {David}, M. and {de Laverny}, P. and
         {De Luise}, F. and {De March}, R. and {de Souza}, R. and
         {de Torres}, A. and {Debosscher}, J. and {del Pozo}, E. and
         {Delbo}, M. and {Delgado}, A. and {Delgado}, H.~E. and {Diakite}, S. and
         {Diener}, C. and {Distefano}, E. and {Dolding}, C. and {Drazinos}, P. and
         {Dur{\'a}n}, J. and {Edvardsson}, B. and {Enke}, H. and {Eriksson}, K. and
         {Esquej}, P. and {Eynard Bontemps}, G. and {Fabre}, C. and
         {Fabrizio}, M. and {Faigler}, S. and {Falc a}, A.~J. and
         {Farr{\`a}s Casas}, M. and {Federici}, L. and {Fedorets}, G. and
         {Fernique}, P. and {Filippi}, F. and {Findeisen}, K. and {Fonti}, A. and
         {Fraile}, E. and {Fraser}, M. and {Fr{\'e}zouls}, B. and {Gai}, M. and
         {Galleti}, S. and {Garabato}, D. and {Garc{\'\i}a-Sedano}, F. and
         {Garofalo}, A. and {Garralda}, N. and {Gavel}, A. and {Gavras}, P. and
         {Gerssen}, J. and {Geyer}, R. and {Giacobbe}, P. and {Gilmore}, G. and
         {Girona}, S. and {Giuffrida}, G. and {Glass}, F. and {Gomes}, M. and
         {Granvik}, M. and {Gueguen}, A. and {Guerrier}, A. and {Guiraud}, J. and
         {Guti{\'e}}, R. and {Haigron}, R. and {Hatzidimitriou}, D. and
         {Hauser}, M. and {Haywood}, M. and {Heiter}, U. and {Helmi}, A. and
         {Heu}, J. and {Hilger}, T. and {Hobbs}, D. and {Hofmann}, W. and {Holland
        }, G. and {Huckle}, H.~E. and {Hypki}, A. and {Icardi}, V. and
         {Jan{\ss}en}, K. and {Jevardat de Fombelle}, G. and {Jonker}, P.~G. and
         {Juh{\'a}sz}, {\'A}. L. and {Julbe}, F. and {Karampelas}, A. and
         {Kewley}, A. and {Klar}, J. and {Kochoska}, A. and {Kohley}, R. and
         {Kolenberg}, K. and {Kontizas}, M. and {Kontizas}, E. and
         {Koposov}, S.~E. and {Kordopatis}, G. and {Kostrzewa-Rutkowska}, Z. and
         {Koubsky}, P. and {Lambert}, S. and {Lanza}, A.~F. and {Lasne}, Y. and
         {Lavigne}, J. -B. and {Le Fustec}, Y. and {Le Poncin-Lafitte}, C. and
         {Lebreton}, Y. and {Leccia}, S. and {Leclerc}, N. and
         {Lecoeur-Taibi}, I. and {Lenhardt}, H. and {Leroux}, F. and {Liao}, S. and
         {Licata}, E. and {Lindstr{\o}m}, H.~E.~P. and {Lister}, T.~A. and
         {Livanou}, E. and {Lobel}, A. and {L{\'o}pez}, M. and {Managau}, S. and
         {Mann}, R.~G. and {Mantelet}, G. and {Marchal}, O. and
         {Marchant}, J.~M. and {Marconi}, M. and {Marinoni}, S. and
         {Marschalk{\'o}}, G. and {Marshall}, D.~J. and {Martino}, M. and
         {Marton}, G. and {Mary}, N. and {Massari}, D. and
         {Matijevi{\v{c}}}, G. and {Mazeh}, T. and {McMillan}, P.~J. and
         {Messina}, S. and {Michalik}, D. and {Millar}, N.~R. and {Molina}, D. and
         {Molinaro}, R. and {Moln{\'a}r}, L. and {Montegriffo}, P. and
         {Mor}, R. and {Morbidelli}, R. and {Morel}, T. and {Morris}, D. and
         {Mulone}, A.~F. and {Muraveva}, T. and {Musella}, I. and
         {Nelemans}, G. and {Nicastro}, L. and {Noval}, L. and {O'Mullane}, W. and
         {Ord{\'e}novic}, C. and {Ord{\'o}{\~n}ez-Blanco}, D. and {Osborne}, P. and
         {Pagani}, C. and {Pagano}, I. and {Pailler}, F. and {Palacin}, H. and
         {Palaversa}, L. and {Panahi}, A. and {Pawlak}, M. and
         {Piersimoni}, A.~M. and {Pineau}, F. -X. and {Plachy}, E. and
         {Plum}, G. and {Poujoulet}, E. and {Pr{\v{s}}a}, A. and {Pulone}, L. and
         {Racero}, E. and {Ragaini}, S. and {Rambaux}, N. and
         {Ramos-Lerate}, M. and {Regibo}, S. and {Riclet}, F. and {Ripepi}, V. and
         {Riva}, A. and {Rivard}, A. and {Rixon}, G. and {Roegiers}, T. and
         {Roelens}, M. and {Rowell}, N. and {Royer}, F. and {Ruiz-Dern}, L. and
         {Sadowski}, G. and {Sagrist{\`a} Sell{\'e}s}, T. and {Sahlmann}, J. and
         {Salgado}, J. and {Salguero}, E. and {Sanna}, N. and {Santana-Ros}, T. and
         {Sarasso}, M. and {Savietto}, H. and {Schultheis}, M. and
         {Sciacca}, E. and {Segol}, M. and {Segovia}, J.~C. and
         {S{\'e}gransan}, D. and {Shih}, I. -C. and {Siltala}, L. and
         {Silva}, A.~F. and {Smart}, R.~L. and {Smith}, K.~W. and {Solano}, E. and
         {Solitro}, F. and {Sordo}, R. and {Soria Nieto}, S. and {Souchay}, J. and
         {Spagna}, A. and {Spoto}, F. and {Stampa}, U. and {Steele}, I.~A. and
         {Steidelm{\"u}ller}, H. and {Stephenson}, C.~A. and {Stoev}, H. and
         {Suess}, F.~F. and {Surdej}, J. and {Szabados}, L. and
         {Szegedi-Elek}, E. and {Tapiador}, D. and {Taris}, F. and {Tauran}, G. and
         {Taylor}, M.~B. and {Teixeira}, R. and {Terrett}, D. and {Teyssand
        ier}, P. and {Thuillot}, W. and {Titarenko}, A. and {Torra Clotet}, F. and
         {Turon}, C. and {Ulla}, A. and {Utrilla}, E. and {Uzzi}, S. and
         {Vaillant}, M. and {Valentini}, G. and {Valette}, V. and
         {van Elteren}, A. and {Van Hemelryck}, E. and {van Leeuwen}, M. and
         {Vaschetto}, M. and {Vecchiato}, A. and {Veljanoski}, J. and
         {Viala}, Y. and {Vicente}, D. and {Vogt}, S. and {von Essen}, C. and
         {Voss}, H. and {Votruba}, V. and {Voutsinas}, S. and {Walmsley}, G. and
         {Weiler}, M. and {Wertz}, O. and {Wevers}, T. and {Wyrzykowski}, {\L}. and
         {Yoldas}, A. and {{\v{Z}}erjal}, M. and {Ziaeepour}, H. and
         {Zorec}, J. and {Zschocke}, S. and {Zucker}, S. and {Zurbach}, C. and
         {Zwitter}, T.},
        title = "{Gaia Data Release 2. Mapping the Milky Way disc kinematics}",
      journal = {\aap},
     keywords = {Galaxy: kinematics and dynamics - Galaxy: disk - solar neighborhood, Astrophysics - Astrophysics of Galaxies},
         year = 2018,
        month = aug,
       volume = {616},
          eid = {A11},
        pages = {A11},
          doi = {10.1051/0004-6361/201832865},
archivePrefix = {arXiv},
       eprint = {1804.09380},
 primaryClass = {astro-ph.GA},
       adsurl = {https://ui.adsabs.harvard.edu/abs/2018A&A...616A..11G},
      adsnote = {Provided by the SAO/NASA Astrophysics Data System}
}

@ARTICLE{Eilers2019a,
       author = {{Eilers}, Anna-Christina and {Hogg}, David W. and {Rix}, Hans-Walter and
         {Ness}, Melissa K.},
        title = "{The Circular Velocity Curve of the Milky Way from 5 to 25 kpc}",
      journal = {\apj},
     keywords = {catalogs, Galaxy: disk, Galaxy: kinematics and dynamics, methods: statistical, stars: distances, techniques: spectroscopic, Astrophysics - Astrophysics of Galaxies},
         year = 2019,
        month = jan,
       volume = {871},
       number = {1},
          eid = {120},
        pages = {120},
          doi = {10.3847/1538-4357/aaf648},
archivePrefix = {arXiv},
       eprint = {1810.09466},
 primaryClass = {astro-ph.GA},
       adsurl = {https://ui.adsabs.harvard.edu/abs/2019ApJ...871..120E},
      adsnote = {Provided by the SAO/NASA Astrophysics Data System}
}

@ARTICLE{Erkal2019,
       author = {{Erkal}, D. and {Belokurov}, V. and {Laporte}, C.~F.~P. and
         {Koposov}, S.~E. and {Li}, T.~S. and {Grillmair}, C.~J. and
         {Kallivayalil}, N. and {Price-Whelan}, A.~M. and {Evans}, N.~W. and
         {Hawkins}, K. and {Hendel}, D. and {Mateu}, C. and {Navarro}, J.~F. and
         {del Pino}, A. and {Slater}, C.~T. and {Sohn}, S.~T. and
         {Orphan Aspen Treasury Collaboration}},
        title = "{The total mass of the Large Magellanic Cloud from its perturbation on the Orphan stream}",
      journal = {\mnras},
     keywords = {Galaxy: evolution, Galaxy: halo, Galaxy: kinematics and dynamics, Galaxy: structure, Magellanic Clouds, Astrophysics - Astrophysics of Galaxies},
         year = 2019,
        month = aug,
       volume = {487},
       number = {2},
        pages = {2685-2700},
          doi = {10.1093/mnras/stz1371},
archivePrefix = {arXiv},
       eprint = {1812.08192},
 primaryClass = {astro-ph.GA},
       adsurl = {https://ui.adsabs.harvard.edu/abs/2019MNRAS.487.2685E},
      adsnote = {Provided by the SAO/NASA Astrophysics Data System}
}

@ARTICLE{Bonaca2019,
       author = {{Bonaca}, Ana and {Hogg}, David W. and {Price-Whelan}, Adrian M. and
         {Conroy}, Charlie},
        title = "{The Spur and the Gap in GD-1: Dynamical Evidence for a Dark Substructure in the Milky Way Halo}",
      journal = {\apj},
     keywords = {cosmology: observations, dark matter, Galaxy: halo, Galaxy: kinematics and dynamics, gravitation, stars: kinematics and dynamics, Astrophysics - Astrophysics of Galaxies, Astrophysics - Cosmology and Nongalactic Astrophysics, High Energy Physics - Phenomenology},
         year = 2019,
        month = jul,
       volume = {880},
       number = {1},
          eid = {38},
        pages = {38},
          doi = {10.3847/1538-4357/ab2873},
archivePrefix = {arXiv},
       eprint = {1811.03631},
 primaryClass = {astro-ph.GA},
       adsurl = {https://ui.adsabs.harvard.edu/abs/2019ApJ...880...38B},
      adsnote = {Provided by the SAO/NASA Astrophysics Data System}
}

@ARTICLE{ElBadry2019,
       author = {{El-Badry}, Kareem and {Rix}, Hans-Walter and {Tian}, Haijun and
         {Duch{\^e}ne}, Gaspard and {Moe}, Maxwell},
        title = "{Discovery of an equal-mass `twin' binary population reaching 1000 + au separations}",
      journal = {\mnras},
     keywords = {binaries: general, binaries: visual, stars: formation, stars: statistics, Astrophysics - Solar and Stellar Astrophysics, Astrophysics - Astrophysics of Galaxies},
         year = 2019,
        month = nov,
       volume = {489},
       number = {4},
        pages = {5822-5857},
          doi = {10.1093/mnras/stz2480},
archivePrefix = {arXiv},
       eprint = {1906.10128},
 primaryClass = {astro-ph.SR},
       adsurl = {https://ui.adsabs.harvard.edu/abs/2019MNRAS.489.5822E},
      adsnote = {Provided by the SAO/NASA Astrophysics Data System}
}

@ARTICLE{Breivik2019,
       author = {{Breivik}, Katelyn and {Price-Whelan}, Adrian M. and
         {D'Orazio}, Daniel J. and {Hogg}, David W. and {Johnson}, L. Clifton and
         {Moe}, Maxwell and {Morton}, Timothy D. and {Tayar}, Jamie},
        title = "{Stellar multiplicity: an interdisciplinary nexus}",
      journal = {arXiv e-prints},
     keywords = {Astrophysics - Solar and Stellar Astrophysics},
         year = 2019,
        month = mar,
          eid = {arXiv:1903.05094},
        pages = {arXiv:1903.05094},
archivePrefix = {arXiv},
       eprint = {1903.05094},
 primaryClass = {astro-ph.SR},
       adsurl = {https://ui.adsabs.harvard.edu/abs/2019arXiv190305094B},
      adsnote = {Provided by the SAO/NASA Astrophysics Data System}
}

@ARTICLE{2018A&A...618A..30H,
       author = {{Holl}, B. and {Audard}, M. and {Nienartowicz}, K. and
         {Jevardat de Fombelle}, G. and {Marchal}, O. and {Mowlavi}, N. and
         {Clementini}, G. and {De Ridder}, J. and {Evans}, D.~W. and
         {Guy}, L.~P. and {Lanzafame}, A.~C. and {Lebzelter}, T. and
         {Rimoldini}, L. and {Roelens}, M. and {Zucker}, S. and {Distefano}, E. and
         {Garofalo}, A. and {Lecoeur-Ta{\"\i}bi}, I. and {Lopez}, M. and
         {Molinaro}, R. and {Muraveva}, T. and {Panahi}, A. and {Regibo}, S. and
         {Ripepi}, V. and {Sarro}, L.~M. and {Aerts}, C. and {Anderson}, R.~I. and
         {Charnas}, J. and {Barblan}, F. and {Blanco-Cuaresma}, S. and
         {Busso}, G. and {Cuypers}, J. and {De Angeli}, F. and {Glass}, F. and
         {Grenon}, M. and {Juh{\'a}sz}, {\'A}. L. and {Kochoska}, A. and
         {Koubsky}, P. and {Lanza}, A.~F. and {Leccia}, S. and {Lorenz}, D. and
         {Marconi}, M. and {Marschalk{\'o}}, G. and {Mazeh}, T. and
         {Messina}, S. and {Mignard}, F. and {Moitinho}, A. and
         {Moln{\'a}r}, L. and {Morgenthaler}, S. and {Musella}, I. and
         {Ordenovic}, C. and {Ord{\'o}{\~n}ez}, D. and {Pagano}, I. and
         {Palaversa}, L. and {Pawlak}, M. and {Plachy}, E. and {Pr{\v{s}}a}, A. and
         {Riello}, M. and {S{\"u}veges}, M. and {Szabados}, L. and
         {Szegedi-Elek}, E. and {Votruba}, V. and {Eyer}, L.},
        title = "{Gaia Data Release 2. Summary of the variability processing and analysis results}",
      journal = {\aap},
     keywords = {stars: general, stars: oscillations, stars: solar-type, stars: variables: general, Galaxy: stellar content, catalogs, Astrophysics - Solar and Stellar Astrophysics, Astrophysics - Instrumentation and Methods for Astrophysics},
         year = 2018,
        month = oct,
       volume = {618},
          eid = {A30},
        pages = {A30},
          doi = {10.1051/0004-6361/201832892},
archivePrefix = {arXiv},
       eprint = {1804.09373},
 primaryClass = {astro-ph.SR},
       adsurl = {https://ui.adsabs.harvard.edu/abs/2018A&A...618A..30H},
      adsnote = {Provided by the SAO/NASA Astrophysics Data System}
}

@ARTICLE{2014A&A...570A..87S,
       author = {{Smart}, R.~L. and {Nicastro}, L.},
        title = "{The initial Gaia source list}",
      journal = {\aap},
     keywords = {catalogs, surveys, astrometry},
         year = 2014,
        month = oct,
       volume = {570},
          eid = {A87},
        pages = {A87},
          doi = {10.1051/0004-6361/201424241},
       adsurl = {https://ui.adsabs.harvard.edu/abs/2014A&A...570A..87S},
      adsnote = {Provided by the SAO/NASA Astrophysics Data System}
}
@ARTICLE{Read2014,
       author = {{Read}, J.~I.},
        title = "{The local dark matter density}",
      journal = {Journal of Physics G Nuclear Physics},
     keywords = {Astrophysics - Astrophysics of Galaxies, Astrophysics - Cosmology and Nongalactic Astrophysics},
         year = 2014,
        month = jun,
       volume = {41},
       number = {6},
          eid = {063101},
        pages = {063101},
          doi = {10.1088/0954-3899/41/6/063101},
archivePrefix = {arXiv},
       eprint = {1404.1938},
 primaryClass = {astro-ph.GA},
       adsurl = {https://ui.adsabs.harvard.edu/abs/2014JPhG...41f3101R},
      adsnote = {Provided by the SAO/NASA Astrophysics Data System}
}
@ARTICLE{WD_DR2,
       author = {{Gentile Fusillo}, Nicola Pietro and {Tremblay}, Pier-Emmanuel and
         {G{\"a}nsicke}, Boris T. and {Manser}, Christopher J. and
         {Cunningham}, Tim and {Cukanovaite}, Elena and {Hollands}, Mark and
         {Marsh}, Thomas and {Raddi}, Roberto and {Jordan}, Stefan and
         {Toonen}, Silvia and {Geier}, Stephan and {Barstow}, Martin and
         {Cummings}, Jeffrey D.},
        title = "{A Gaia Data Release 2 catalogue of white dwarfs and a comparison with SDSS}",
      journal = {\mnras},
     keywords = {catalogues, surveys, white dwarfs, Astrophysics - Solar and Stellar Astrophysics},
         year = 2019,
        month = feb,
       volume = {482},
       number = {4},
        pages = {4570-4591},
          doi = {10.1093/mnras/sty3016},
archivePrefix = {arXiv},
       eprint = {1807.03315},
 primaryClass = {astro-ph.SR},
       adsurl = {https://ui.adsabs.harvard.edu/abs/2019MNRAS.482.4570G},
      adsnote = {Provided by the SAO/NASA Astrophysics Data System}
}

@Book{Gelman,
  author = {{Gelman}, {A.} and {Carlin}, {J.B.} and {Stern}, {H.S.} and {Dunson}, {D.B.} and
    {Vehtari}, {A.} and {Rubin}, {D.B.}},
  title = {Bayesian Data Analysis, Third Edition},
  series = {Texts in Statistical Science},
  publisher = {Chapman \& Hall/CRC},
  year = 2013,
  ISBN = {978-1439840955}
}

@ARTICLE{2012ApJ...753..148B,
       author = {{Bovy}, Jo and {Rix}, Hans-Walter and {Liu}, Chao and {Hogg}, David W. and
         {Beers}, Timothy C. and {Lee}, Young Sun},
        title = "{The Spatial Structure of Mono-abundance Sub-populations of the Milky Way Disk}",
      journal = {\apj},
     keywords = {Galaxy: abundances, Galaxy: disk, Galaxy: evolution, Galaxy: formation, Galaxy: fundamental parameters, Galaxy: structure, Astrophysics - Galaxy Astrophysics},
         year = 2012,
        month = jul,
       volume = {753},
       number = {2},
          eid = {148},
        pages = {148},
          doi = {10.1088/0004-637X/753/2/148},
archivePrefix = {arXiv},
       eprint = {1111.1724},
 primaryClass = {astro-ph.GA},
       adsurl = {https://ui.adsabs.harvard.edu/abs/2012ApJ...753..148B},
      adsnote = {Provided by the SAO/NASA Astrophysics Data System}
}

@ARTICLE{ApwGD12018,
       author = {{Price-Whelan}, Adrian M. and {Bonaca}, Ana},
        title = "{Off the Beaten Path: Gaia Reveals GD-1 Stars outside of the Main Stream}",
      journal = {\apjl},
     keywords = {dark matter, Galaxy: halo, Galaxy: kinematics and dynamics, Astrophysics - Astrophysics of Galaxies},
         year = 2018,
        month = aug,
       volume = {863},
       number = {2},
          eid = {L20},
        pages = {L20},
          doi = {10.3847/2041-8213/aad7b5},
archivePrefix = {arXiv},
       eprint = {1805.00425},
 primaryClass = {astro-ph.GA},
       adsurl = {https://ui.adsabs.harvard.edu/abs/2018ApJ...863L..20P},
      adsnote = {Provided by the SAO/NASA Astrophysics Data System}
}

@ARTICLE{EverallDas2020,
       author = {{Everall}, Andrew and {Das}, Payel},
        title = "{seestar: Selection functions for spectroscopic surveys of the Milky Way}",
      journal = {\mnras},
     keywords = {surveys, instrumentation: spectrographs, Galaxy: stellar content, methods: statistical, Astrophysics - Astrophysics of Galaxies},
         year = 2020,
        month = feb,
       volume = {493},
        pages = {2042},
          doi = {10.1093/mnras/staa283},
archivePrefix = {arXiv},
       eprint = {1902.10485},
 primaryClass = {astro-ph.GA},
       adsurl = {https://ui.adsabs.harvard.edu/abs/2020MNRAS.tmp..284E},
      adsnote = {Provided by the SAO/NASA Astrophysics Data System}
}

@ARTICLE{Ibata2020,
       author = {{Ibata}, Rodrigo and {Thomas}, Guillaume and {Famaey}, Benoit and
         {Malhan}, Khyati and {Martin}, Nicolas and {Monari}, Giacomo},
        title = "{Detection of Strong Epicyclic Density Spikes in the GD-1 Stellar Stream. An Absence of Evidence for the Influence of Dark Matter Subhalos?}",
      journal = {arXiv e-prints},
     keywords = {Astrophysics - Astrophysics of Galaxies},
         year = 2020,
        month = feb,
          eid = {arXiv:2002.01488},
        pages = {arXiv:2002.01488},
archivePrefix = {arXiv},
       eprint = {2002.01488},
 primaryClass = {astro-ph.GA},
       adsurl = {https://ui.adsabs.harvard.edu/abs/2020arXiv200201488I},
      adsnote = {Provided by the SAO/NASA Astrophysics Data System}
}

@ARTICLE{Boubert2020b,
    author = {{Boubert}, D. and {Everall}, A.},
    title = {Completeness of the Gaia-verse II: what are the odds that Gaia DR2 missed a star?},
    journal = {submitted},
    year = 2020
}

@ARTICLE{Boubert2020a,
    author = {{Boubert}, D. and {Everall}, A. and  {Holl}, B.},
    title = {Completeness of the Gaia-verse I: when was Gaia’s eye off the sky?},
    journal = {submitted},
    year = 2020
}

@ARTICLE{SDSS-V,
       author = {{Kollmeier}, Juna A. and {Zasowski}, Gail and {Rix}, Hans-Walter and
         {Johns}, Matt and {Anderson}, Scott F. and {Drory}, Niv and
         {Johnson}, Jennifer A. and {Pogge}, Richard W. and {Bird}, Jonathan C. and
         {Blanc}, Guillermo A. and {Brownstein}, Joel R. and
         {Crane}, Jeffrey D. and {De Lee}, Nathan M. and {Klaene}, Mark A. and
         {Kreckel}, Kathryn and {MacDonald}, Nick and {Merloni}, Andrea and
         {Ness}, Melissa K. and {O'Brien}, Thomas and
         {Sanchez-Gallego}, Jose R. and {Sayres}, Conor C. and {Shen}, Yue and
         {Thakar}, Ani R. and {Tkachenko}, Andrew and {Aerts}, Conny and
         {Blanton}, Michael R. and {Eisenstein}, Daniel J. and
         {Holtzman}, Jon A. and {Maoz}, Dan and {Nandra}, Kirpal and
         {Rockosi}, Constance and {Weinberg}, David H. and {Bovy}, Jo and
         {Casey}, Andrew R. and {Chaname}, Julio and {Clerc}, Nicolas and
         {Conroy}, Charlie and {Eracleous}, Michael and
         {G{\"a}nsicke}, Boris T. and {Hekker}, Saskia and {Horne}, Keith and
         {Kauffmann}, Jens and {McQuinn}, Kristen B.~W. and
         {Pellegrini}, Eric W. and {Schinnerer}, Eva and {Schlafly}, Edward F. and
         {Schwope}, Axel D. and {Seibert}, Mark and {Teske}, Johanna K. and
         {van Saders}, Jennifer L.},
        title = "{SDSS-V: Pioneering Panoptic Spectroscopy}",
      journal = {arXiv e-prints},
     keywords = {Astrophysics - Astrophysics of Galaxies},
         year = 2017,
        month = nov,
          eid = {arXiv:1711.03234},
        pages = {arXiv:1711.03234},
archivePrefix = {arXiv},
       eprint = {1711.03234},
 primaryClass = {astro-ph.GA},
       adsurl = {https://ui.adsabs.harvard.edu/abs/2017arXiv171103234K},
      adsnote = {Provided by the SAO/NASA Astrophysics Data System}
}

@ARTICLE{Gaia_Variability_2018,
       author = {{Holl}, B. and {Audard}, M. and {Nienartowicz}, K. and
         {Jevardat de Fombelle}, G. and {Marchal}, O. and {Mowlavi}, N. and
         {Clementini}, G. and {De Ridder}, J. and {Evans}, D.~W. and
         {Guy}, L.~P. and {Lanzafame}, A.~C. and {Lebzelter}, T. and
         {Rimoldini}, L. and {Roelens}, M. and {Zucker}, S. and {Distefano}, E. and
         {Garofalo}, A. and {Lecoeur-Ta{\"\i}bi}, I. and {Lopez}, M. and
         {Molinaro}, R. and {Muraveva}, T. and {Panahi}, A. and {Regibo}, S. and
         {Ripepi}, V. and {Sarro}, L.~M. and {Aerts}, C. and {Anderson}, R.~I. and
         {Charnas}, J. and {Barblan}, F. and {Blanco-Cuaresma}, S. and
         {Busso}, G. and {Cuypers}, J. and {De Angeli}, F. and {Glass}, F. and
         {Grenon}, M. and {Juh{\'a}sz}, {\'A}. L. and {Kochoska}, A. and
         {Koubsky}, P. and {Lanza}, A.~F. and {Leccia}, S. and {Lorenz}, D. and
         {Marconi}, M. and {Marschalk{\'o}}, G. and {Mazeh}, T. and
         {Messina}, S. and {Mignard}, F. and {Moitinho}, A. and
         {Moln{\'a}r}, L. and {Morgenthaler}, S. and {Musella}, I. and
         {Ordenovic}, C. and {Ord{\'o}{\~n}ez}, D. and {Pagano}, I. and
         {Palaversa}, L. and {Pawlak}, M. and {Plachy}, E. and {Pr{\v{s}}a}, A. and
         {Riello}, M. and {S{\"u}veges}, M. and {Szabados}, L. and
         {Szegedi-Elek}, E. and {Votruba}, V. and {Eyer}, L.},
        title = "{Gaia Data Release 2. Summary of the variability processing and analysis results}",
      journal = {\aap},
     keywords = {stars: general, stars: oscillations, stars: solar-type, stars: variables: general, Galaxy: stellar content, catalogs, Astrophysics - Solar and Stellar Astrophysics, Astrophysics - Instrumentation and Methods for Astrophysics},
         year = 2018,
        month = oct,
       volume = {618},
          eid = {A30},
        pages = {A30},
          doi = {10.1051/0004-6361/201832892},
archivePrefix = {arXiv},
       eprint = {1804.09373},
 primaryClass = {astro-ph.SR},
       adsurl = {https://ui.adsabs.harvard.edu/abs/2018A&A...618A..30H},
      adsnote = {Provided by the SAO/NASA Astrophysics Data System}
}

@ARTICLE{Skowron2019,
       author = {{Skowron}, Dorota M. and {Skowron}, Jan and {Mr{\'o}z}, Przemek and
         {Udalski}, Andrzej and {Pietrukowicz}, Pawe{\l} and
         {Soszy{\'n}ski}, Igor and {Szyma{\'n}ski}, Micha{\l} K. and
         {Poleski}, Rados{\l}aw and {Koz{\l}owski}, Szymon and
         {Ulaczyk}, Krzysztof and {Rybicki}, Krzysztof and {Iwanek}, Patryk},
        title = "{A three-dimensional map of the Milky Way using classical Cepheid variable stars}",
      journal = {Science},
     keywords = {ASTRONOMY, Astrophysics - Astrophysics of Galaxies, Astrophysics - Solar and Stellar Astrophysics},
         year = 2019,
        month = aug,
       volume = {365},
       number = {6452},
        pages = {478-482},
          doi = {10.1126/science.aau3181},
archivePrefix = {arXiv},
       eprint = {1806.10653},
 primaryClass = {astro-ph.GA},
       adsurl = {https://ui.adsabs.harvard.edu/abs/2019Sci...365..478S},
      adsnote = {Provided by the SAO/NASA Astrophysics Data System}
}

@ARTICLE{ASASSN2017,
       author = {{Kochanek}, C.~S. and {Shappee}, B.~J. and {Stanek}, K.~Z. and
         {Holoien}, T.~W. -S. and {Thompson}, Todd A. and {Prieto}, J.~L. and
         {Dong}, Subo and {Shields}, J.~V. and {Will}, D. and {Britt}, C. and
         {Perzanowski}, D. and {Pojma{\'n}ski}, G.},
        title = "{The All-Sky Automated Survey for Supernovae (ASAS-SN) Light Curve Server v1.0}",
      journal = {\pasp},
     keywords = {Astrophysics - Solar and Stellar Astrophysics, Astrophysics - Instrumentation and Methods for Astrophysics},
         year = 2017,
        month = oct,
       volume = {129},
       number = {980},
        pages = {104502},
          doi = {10.1088/1538-3873/aa80d9},
archivePrefix = {arXiv},
       eprint = {1706.07060},
 primaryClass = {astro-ph.SR},
       adsurl = {https://ui.adsabs.harvard.edu/abs/2017PASP..129j4502K},
      adsnote = {Provided by the SAO/NASA Astrophysics Data System}
}


@ARTICLE{3D-Dust-2018,
       author = {{Green}, Gregory M. and {Schlafly}, Edward F. and {Finkbeiner}, Douglas and
         {Rix}, Hans-Walter and {Martin}, Nicolas and {Burgett}, William and
         {Draper}, Peter W. and {Flewelling}, Heather and {Hodapp}, Klaus and
         {Kaiser}, Nicholas and {Kudritzki}, Rolf-Peter and
         {Magnier}, Eugene A. and {Metcalfe}, Nigel and {Tonry}, John L. and
         {Wainscoat}, Richard and {Waters}, Christopher},
        title = "{Galactic reddening in 3D from stellar photometry - an improved map}",
      journal = {\mnras},
     keywords = {dust, extinction, ISM: structure, Galaxy: structure, Astrophysics - Astrophysics of Galaxies},
         year = 2018,
        month = jul,
       volume = {478},
       number = {1},
        pages = {651-666},
          doi = {10.1093/mnras/sty1008},
archivePrefix = {arXiv},
       eprint = {1801.03555},
 primaryClass = {astro-ph.GA},
       adsurl = {https://ui.adsabs.harvard.edu/abs/2018MNRAS.478..651G},
      adsnote = {Provided by the SAO/NASA Astrophysics Data System}
}

@ARTICLE{astropy2018,
       author = {{Astropy Collaboration} and {Price-Whelan}, A.~M. and
         {Sip{\H{o}}cz}, B.~M. and {G{\"u}nther}, H.~M. and {Lim}, P.~L. and
         {Crawford}, S.~M. and {Conseil}, S. and {Shupe}, D.~L. and
         {Craig}, M.~W. and {Dencheva}, N. and {Ginsburg}, A. and {Vand
        erPlas}, J.~T. and {Bradley}, L.~D. and {P{\'e}rez-Su{\'a}rez}, D. and
         {de Val-Borro}, M. and {Aldcroft}, T.~L. and {Cruz}, K.~L. and
         {Robitaille}, T.~P. and {Tollerud}, E.~J. and {Ardelean}, C. and
         {Babej}, T. and {Bach}, Y.~P. and {Bachetti}, M. and {Bakanov}, A.~V. and
         {Bamford}, S.~P. and {Barentsen}, G. and {Barmby}, P. and
         {Baumbach}, A. and {Berry}, K.~L. and {Biscani}, F. and {Boquien}, M. and
         {Bostroem}, K.~A. and {Bouma}, L.~G. and {Brammer}, G.~B. and
         {Bray}, E.~M. and {Breytenbach}, H. and {Buddelmeijer}, H. and
         {Burke}, D.~J. and {Calderone}, G. and {Cano Rodr{\'\i}guez}, J.~L. and
         {Cara}, M. and {Cardoso}, J.~V.~M. and {Cheedella}, S. and {Copin}, Y. and
         {Corrales}, L. and {Crichton}, D. and {D'Avella}, D. and {Deil}, C. and
         {Depagne}, {\'E}. and {Dietrich}, J.~P. and {Donath}, A. and
         {Droettboom}, M. and {Earl}, N. and {Erben}, T. and {Fabbro}, S. and
         {Ferreira}, L.~A. and {Finethy}, T. and {Fox}, R.~T. and
         {Garrison}, L.~H. and {Gibbons}, S.~L.~J. and {Goldstein}, D.~A. and
         {Gommers}, R. and {Greco}, J.~P. and {Greenfield}, P. and
         {Groener}, A.~M. and {Grollier}, F. and {Hagen}, A. and {Hirst}, P. and
         {Homeier}, D. and {Horton}, A.~J. and {Hosseinzadeh}, G. and {Hu}, L. and
         {Hunkeler}, J.~S. and {Ivezi{\'c}}, {\v{Z}}. and {Jain}, A. and
         {Jenness}, T. and {Kanarek}, G. and {Kendrew}, S. and {Kern}, N.~S. and
         {Kerzendorf}, W.~E. and {Khvalko}, A. and {King}, J. and {Kirkby}, D. and
         {Kulkarni}, A.~M. and {Kumar}, A. and {Lee}, A. and {Lenz}, D. and
         {Littlefair}, S.~P. and {Ma}, Z. and {Macleod}, D.~M. and
         {Mastropietro}, M. and {McCully}, C. and {Montagnac}, S. and
         {Morris}, B.~M. and {Mueller}, M. and {Mumford}, S.~J. and {Muna}, D. and
         {Murphy}, N.~A. and {Nelson}, S. and {Nguyen}, G.~H. and
         {Ninan}, J.~P. and {N{\"o}the}, M. and {Ogaz}, S. and {Oh}, S. and
         {Parejko}, J.~K. and {Parley}, N. and {Pascual}, S. and {Patil}, R. and
         {Patil}, A.~A. and {Plunkett}, A.~L. and {Prochaska}, J.~X. and
         {Rastogi}, T. and {Reddy Janga}, V. and {Sabater}, J. and
         {Sakurikar}, P. and {Seifert}, M. and {Sherbert}, L.~E. and
         {Sherwood-Taylor}, H. and {Shih}, A.~Y. and {Sick}, J. and
         {Silbiger}, M.~T. and {Singanamalla}, S. and {Singer}, L.~P. and
         {Sladen}, P.~H. and {Sooley}, K.~A. and {Sornarajah}, S. and
         {Streicher}, O. and {Teuben}, P. and {Thomas}, S.~W. and
         {Tremblay}, G.~R. and {Turner}, J.~E.~H. and {Terr{\'o}n}, V. and
         {van Kerkwijk}, M.~H. and {de la Vega}, A. and {Watkins}, L.~L. and
         {Weaver}, B.~A. and {Whitmore}, J.~B. and {Woillez}, J. and
         {Zabalza}, V. and {Astropy Contributors}},
        title = "{The Astropy Project: Building an Open-science Project and Status of the v2.0 Core Package}",
      journal = {\aj},
     keywords = {methods: data analysis, methods: miscellaneous, methods: statistical, reference systems, Astrophysics - Instrumentation and Methods for Astrophysics},
         year = 2018,
        month = sep,
       volume = {156},
       number = {3},
          eid = {123},
        pages = {123},
          doi = {10.3847/1538-3881/aabc4f},
archivePrefix = {arXiv},
       eprint = {1801.02634},
 primaryClass = {astro-ph.IM},
       adsurl = {https://ui.adsabs.harvard.edu/abs/2018AJ....156..123A},
      adsnote = {Provided by the SAO/NASA Astrophysics Data System}
}

@ARTICLE{Clementini2019,
       author = {{Clementini}, G. and {Ripepi}, V. and {Molinaro}, R. and {Garofalo}, A. and
         {Muraveva}, T. and {Rimoldini}, L. and {Guy}, L.~P. and
         {Jevardat de Fombelle}, G. and {Nienartowicz}, K. and {Marchal}, O. and
         {Audard}, M. and {Holl}, B. and {Leccia}, S. and {Marconi}, M. and
         {Musella}, I. and {Mowlavi}, N. and {Lecoeur-Taibi}, I. and {Eyer}, L. and
         {De Ridder}, J. and {Regibo}, S. and {Sarro}, L.~M. and {Szabados}, L. and
         {Evans}, D.~W. and {Riello}, M.},
        title = "{Gaia Data Release 2. Specific characterisation and validation of all-sky Cepheids and RR Lyrae stars}",
      journal = {\aap},
     keywords = {stars: general, stars: oscillations, stars: variables: Cepheids, stars: variables: RR Lyrae, methods: data analysis, Galaxy: structure, Astrophysics - Solar and Stellar Astrophysics},
         year = 2019,
        month = feb,
       volume = {622},
          eid = {A60},
        pages = {A60},
          doi = {10.1051/0004-6361/201833374},
archivePrefix = {arXiv},
       eprint = {1805.02079},
 primaryClass = {astro-ph.SR},
       adsurl = {https://ui.adsabs.harvard.edu/abs/2019A&A...622A..60C},
      adsnote = {Provided by the SAO/NASA Astrophysics Data System}
}

@ARTICLE{Inno2013,
       author = {{Inno}, L. and {Matsunaga}, N. and {Bono}, G. and {Caputo}, F. and
         {Buonanno}, R. and {Genovali}, K. and {Laney}, C.~D. and {Marconi}, M. and
         {Piersimoni}, A.~M. and {Primas}, F. and {Romaniello}, M.},
        title = "{On the Distance of the Magellanic Clouds Using Cepheid NIR and Optical-NIR Period-Wesenheit Relations}",
      journal = {\apj},
     keywords = {Magellanic Clouds, stars: distances, stars: oscillations, stars: variables: Cepheids, Astrophysics - Solar and Stellar Astrophysics},
         year = 2013,
        month = feb,
       volume = {764},
       number = {1},
          eid = {84},
        pages = {84},
          doi = {10.1088/0004-637X/764/1/84},
archivePrefix = {arXiv},
       eprint = {1212.4376},
 primaryClass = {astro-ph.SR},
       adsurl = {https://ui.adsabs.harvard.edu/abs/2013ApJ...764...84I},
      adsnote = {Provided by the SAO/NASA Astrophysics Data System}
}

@ARTICLE{Poggio2018,
       author = {{Poggio}, E. and {Drimmel}, R. and {Lattanzi}, M.~G. and {Smart}, R.~L. and
         {Spagna}, A. and {Andrae}, R. and {Bailer-Jones}, C.~A.~L. and
         {Fouesneau}, M. and {Antoja}, T. and {Babusiaux}, C. and
         {Evans}, D.~W. and {Figueras}, F. and {Katz}, D. and {Reyl{\'e}}, C. and
         {Robin}, A.~C. and {Romero-G{\'o}mez}, M. and {Seabroke}, G.~M.},
        title = "{The Galactic warp revealed by Gaia DR2 kinematics}",
      journal = {\mnras},
     keywords = {stars: kinematics and dynamics, Galaxy: disc, Galaxy: kinematics and dynamics, Galaxy: structure, Astrophysics - Astrophysics of Galaxies},
         year = 2018,
        month = nov,
       volume = {481},
       number = {1},
        pages = {L21-L25},
          doi = {10.1093/mnrasl/sly148},
archivePrefix = {arXiv},
       eprint = {1805.03171},
 primaryClass = {astro-ph.GA},
       adsurl = {https://ui.adsabs.harvard.edu/abs/2018MNRAS.481L..21P},
      adsnote = {Provided by the SAO/NASA Astrophysics Data System}
}

@ARTICLE{Poggio2020,
       author = {{Poggio}, E. and {Drimmel}, R. and {Andrae}, R. and
         {Bailer-Jones}, C.~A.~L. and {Fouesneau}, M. and {Lattanzi}, M.~G. and
         {Smart}, R.~L. and {Spagna}, A.},
        title = "{Evidence of a dynamically evolving Galactic warp}",
      journal = {Nature Astronomy},
     keywords = {Astrophysics - Astrophysics of Galaxies},
         year = 2020,
        month = feb,
        pages = {2397-3366},
          doi = {10.1038/s41550-020-1017-3}
}